<record><leader>00000cas a2200000 a 4500</leader><controlfield tag="001">8821594</controlfield><controlfield tag="008">820930d18401841iluwr ne      0    0eng  </controlfield><datafield ind1=" " ind2=" " tag="010"><subfield code="a">sn 82015565 </subfield></datafield><datafield ind1=" " ind2=" " tag="040"><subfield code="a">DLC</subfield><subfield code="b">eng</subfield><subfield code="c">DLC</subfield><subfield code="d">NPX</subfield><subfield code="d">UNP</subfield><subfield code="d">DLC</subfield><subfield code="d">KNP</subfield><subfield code="d">YOX</subfield><subfield code="d">NVF</subfield><subfield code="d">CVF</subfield><subfield code="d">OCL</subfield><subfield code="d">NVF</subfield><subfield code="d">KRTAS</subfield><subfield code="d">NVF</subfield><subfield code="d">OCLCO</subfield><subfield code="d">OCLCQ</subfield><subfield code="d">OCLCF</subfield></datafield><datafield ind1="1" ind2=" " tag="029"><subfield code="a">AU@</subfield><subfield code="b">000003749819</subfield></datafield><datafield ind1=" " ind2=" " tag="042"><subfield code="a">pcc</subfield></datafield><datafield ind1=" " ind2=" " tag="043"><subfield code="a">n-us-il</subfield></datafield><datafield ind1="0" ind2="0" tag="050"><subfield code="a">Newspaper 7574-X</subfield></datafield><datafield ind1="0" ind2=" " tag="130"><subfield code="a">Western world (Warsaw, Ill.)</subfield></datafield><datafield ind1="1" ind2="0" tag="245"><subfield code="a">Western world.</subfield></datafield><datafield ind1=" " ind2=" " tag="260"><subfield code="a">Warsaw, Ill. :</subfield><subfield code="b">D.N. White,</subfield><subfield code="c">1840-1841.</subfield></datafield><datafield ind1=" " ind2=" " tag="300"><subfield code="a">v.</subfield></datafield><datafield ind1=" " ind2=" " tag="310"><subfield code="a">Weekly</subfield></datafield><datafield ind1="0" ind2=" " tag="362"><subfield code="a">Vol. 1, no. 1 (May 13, 1840)-v. 1, no. 52 (May 5, 1841).</subfield></datafield><datafield ind1=" " ind2=" " tag="500"><subfield code="a">Publishers: D.N. White, May 13-Nov. 4, 1840 ; Sharp and Gamble, Nov. 11, 1840-1841.</subfield></datafield><datafield ind1=" " ind2="0" tag="651"><subfield code="a">Warsaw (Ill.)</subfield><subfield code="v">Newspapers.</subfield></datafield><datafield ind1=" " ind2="7" tag="655"><subfield code="a">Newspapers.</subfield><subfield code="2">fast</subfield><subfield code="0">(OCoLC)fst01423814</subfield></datafield><datafield ind1=" " ind2="7" tag="651"><subfield code="a">Illinois</subfield><subfield code="z">Warsaw.</subfield><subfield code="2">fast</subfield><subfield code="0">(OCoLC)fst01262643</subfield></datafield><datafield ind1=" " ind2=" " tag="752"><subfield code="a">United States</subfield><subfield code="b">Illinois</subfield><subfield code="c">Hancock</subfield><subfield code="d">Warsaw.</subfield></datafield><datafield ind1="0" ind2="0" tag="785"><subfield code="t">Warsaw signal (Warsaw, Ill. : 1841)</subfield><subfield code="w">(DLC)sn 84038661</subfield><subfield code="w">(OCoLC)11423480</subfield></datafield><datafield ind1=" " ind2=" " tag="938"><subfield code="a">Kirtas Technologies, Inc.</subfield><subfield code="b">KRTS</subfield><subfield code="n">736120</subfield></datafield></record>